<?xml version="1.0" encoding="UTF-8"?><record xmlns="http://www.loc.gov/MARC21/slim" xmlns:cinclude="http://apache.org/cocoon/include/1.0" xmlns:zs="http://www.loc.gov/zing/srw/">
  <leader>00362nz  a2200121n  4500</leader>
  <controlfield tag="001">n  91065364 </controlfield>
  <controlfield tag="003">DLC</controlfield>
  <controlfield tag="005">19910702092107.6</controlfield>
  <controlfield tag="008">910702n| acannaab|          |n aaa |||  </controlfield>
  <datafield tag="010" ind1=" " ind2=" ">
    <subfield code="a">n  91065364 </subfield>
  </datafield>
  <datafield tag="040" ind1=" " ind2=" ">
    <subfield code="a">DLC</subfield>
    <subfield code="c">DLC</subfield>
  </datafield>
  <datafield tag="100" ind1="1" ind2="0">
    <subfield code="a">Czarnikow, Julius Caesar,</subfield>
    <subfield code="d">1838-1909</subfield>
  </datafield>
  <datafield tag="670" ind1=" " ind2=" ">
    <subfield code="a">Janes, H. The story of Czarnikow, 1963:</subfield>
    <subfield code="b">p. 9 (Julius Caesar Czarnikow, b. 1838; d. 1909)</subfield>
  </datafield>
</record>